@unpublished{bund,
AUTHOR ={Der Bundeswahlleiter, Statistisches Budnesamt},
NOTE ={ \newline URL: http://www.bundeswahlleiter.de/de/bundestagswahlen/BTW\_BUND\_13/,\newline  last visit: 30th of October 2015}
}

@unpublished{easymap,
AUTHOR ={Lutum+Tappert Dv-Beratung GmbH},
NOTE ={ \newline URL: http://www.geomarketing.de/,\newline  last visit: 03th of November 2015}
}

@book{fruehling,
  author = "J. M. Frühling and W. Steingrube",
  title = "Geomarketing: Neue Begriffe = neue Methoden?",
  year = "1995",
  publisher = "Zeitschrift für Wirtschaftsgeographie",
  number = {39(3-4),S. 184-194}
}

@unpublished{gfk,
AUTHOR ={microm Micromarketing-Systeme and Consult GmbH},
NOTE ={ \newline URL: http://www.microm-online.de/,\newline  last visit: 23th of March 2015}
}

@book{herter,
  author = "GfK Geomarketing GmbH",
  title = "Praxiswissen Geomarketing",
  year = "2005",
  publisher = "Frauenhofer Institut Techno- und Wirtschaftsmathematik ITWM",
  number = {Bericht 71}
}

@book{kalcsics,
  author = "J. Kalcsics and S. Nickel and M. Schröder",
  title = "Towards a Unified Territory Design Approach – Applications, Algorithms and GIS Integration",
  year = "2012",
  publisher = "GfK Geomarketing GmbH"
}

@unpublished{kit_lizard,
AUTHOR ={Prof. Dr. S.Nickel, KIT Institute for Operations Research},
title ="LIZARD - LIbrary of optimiZation AlgoRithms for Distrcting",
year="2014",
NOTE ={ \newline URL: http://dol.ior.kit.edu,\newline  last visit: 03th of November 2015}
}


@unpublished{mapchart,
AUTHOR ={microm Micromarketing-Systeme und Consult GmbH},
NOTE ={ \newline URL: http://www.mapchart.de/,\newline  last visit: 03th of November 2015}
}

@unpublished{microm,
AUTHOR ={microm Micromarketing-Systeme and Consult GmbH},
NOTE ={ \newline URL: http://www.microm-online.de/,\newline  last visit: 03th of November 2015}
}

@book{nitsche,
  author = "M. Nitsche",
  title = "Micromarketing: Daten-Methoden-Praxis",
  year = "1998",
  publisher = "Wirtschaftsverlag Ueberreuter, Wien/Frankfurt"
}
 
@unpublished{omkt,
AUTHOR ={Dennis Müller},
NOTE ={ \newline URL: http://www.omkt.de/geomarketing/,\newline  last visit: 29th of October 2015}
}






